<record><leader>00000cas a2200000Ma 4500</leader><controlfield tag="001">213719339</controlfield><controlfield tag="007">hd afa014baca</controlfield><controlfield tag="007">hd bfa014baaa</controlfield><controlfield tag="007">hd bfa014baba</controlfield><controlfield tag="008">840204c19349999nyuer nea     0   b0ger d</controlfield><datafield ind1=" " ind2=" " tag="010"><subfield code="a">sn 78001536 </subfield></datafield><datafield ind1=" " ind2=" " tag="040"><subfield code="a">MUL</subfield><subfield code="c">CUY</subfield><subfield code="d">OCLCQ</subfield><subfield code="d">CUY</subfield></datafield><datafield ind1="0" ind2=" " tag="022"><subfield code="a">0004-7813</subfield><subfield code="l">0004-7813</subfield></datafield><datafield ind1="0" ind2=" " tag="041"><subfield code="a">gereng</subfield></datafield><datafield ind1=" " ind2=" " tag="043"><subfield code="a">n-us-ny</subfield></datafield><datafield ind1="0" ind2=" " tag="130"><subfield code="a">Aufbau (New York, N.Y.)</subfield></datafield><datafield ind1="0" ind2=" " tag="210"><subfield code="a">Aufbau</subfield><subfield code="b">(New York, N.Y.)</subfield></datafield><datafield ind1=" " ind2="0" tag="222"><subfield code="a">Aufbau</subfield><subfield code="b">(New York, N.Y.)</subfield></datafield><datafield ind1="0" ind2="0" tag="245"><subfield code="a">Aufbau</subfield><subfield code="h">[microform] :</subfield><subfield code="b">Nachrichtenblatt des German-Jewish Club.</subfield></datafield><datafield ind1="3" ind2="1" tag="246"><subfield code="a">Reconstruction</subfield></datafield><datafield ind1=" " ind2=" " tag="260"><subfield code="a">New York, N.Y. :</subfield><subfield code="b">German-Jewish Club,</subfield><subfield code="c">1934-</subfield></datafield><datafield ind1=" " ind2=" " tag="300"><subfield code="a">v. :</subfield><subfield code="b">ill. ;</subfield><subfield code="c">41-42 cm.</subfield></datafield><datafield ind1=" " ind2=" " tag="310"><subfield code="a">Biweekly,</subfield><subfield code="b">May 10, 1985-</subfield></datafield><datafield ind1=" " ind2=" " tag="321"><subfield code="a">Monthly,</subfield><subfield code="b">Dec. 1934-Jan. 1939</subfield></datafield><datafield ind1=" " ind2=" " tag="321"><subfield code="a">Semimonthly,</subfield><subfield code="b">Feb.-Nov. 15, 1939</subfield></datafield><datafield ind1=" " ind2=" " tag="321"><subfield code="a">Weekly,</subfield><subfield code="b">Nov. 29, 1939-Apr 26, 1985</subfield></datafield><datafield ind1="0" ind2=" " tag="362"><subfield code="a">1. Jahrg., No. 1 (1. Dez. 1934)-</subfield></datafield><datafield ind1=" " ind2=" " tag="500"><subfield code="a">Published by New World Club, Dec. 20, 1940-</subfield></datafield><datafield ind1=" " ind2=" " tag="533"><subfield code="a">Microfilm.</subfield><subfield code="m">Jan. 6, 1995-May 4, 2000:[Gaps]</subfield><subfield code="b">Berkeley, Calif. :</subfield><subfield code="c">Library Photographic Service, University of California, Berkeley,</subfield><subfield code="d">2003.</subfield><subfield code="e">microfilm reels ; 35 mm.</subfield></datafield><datafield ind1=" " ind2=" " tag="546"><subfield code="a">In German and English.</subfield></datafield><datafield ind1=" " ind2="0" tag="650"><subfield code="a">Jews</subfield><subfield code="z">United States</subfield><subfield code="v">Newspapers.</subfield></datafield><datafield ind1=" " ind2="0" tag="651"><subfield code="a">New York (N.Y.)</subfield><subfield code="v">Newspapers.</subfield></datafield><datafield ind1=" " ind2="0" tag="651"><subfield code="a">New York County (N.Y.)</subfield><subfield code="v">Newspapers.</subfield></datafield><datafield ind1="2" ind2=" " tag="710"><subfield code="a">German-Jewish Club.</subfield></datafield><datafield ind1="2" ind2=" " tag="710"><subfield code="a">New World Club.</subfield></datafield><datafield ind1=" " ind2=" " tag="752"><subfield code="a">United States</subfield><subfield code="b">New York</subfield><subfield code="c">New York</subfield><subfield code="d">New York.</subfield></datafield></record>